@inproceedings{kastner2020solving,
  title = {Solving Thermal Bridging Problems for Architectural Applications with OpenFOAM},
  author = {Kastner, Patrick and Dogan, Timur},
  year = {2020},
  booktitle = {SimAUD 2020 Proceedings},
  pages = {405---412}
}

@article{mantesi2018modelling,
  title={The modelling gap: Quantifying the discrepancy in the representation of thermal mass in building simulation},
  author={Mantesi, Eirini and Hopfe, Christina J and Cook, Malcolm J and Glass, Jacqueline and Strachan, Paul},
  journal={Building and Environment},
  volume={131},
  pages={74--98},
  year={2018},
  publisher={Elsevier}
}

@inproceedings{heattransfund,
  title = {Energy Efficient Buildings: Fundamentals of Building Science and Thermal Systems},
  author = {Zhai, Z. (John)},
  year = {2023},
  booktitle = {Wiley},
  pages = {chapter 1}
}

@inproceedings{Twomethods,
  title = {Two solution methods of heat transfer with phase change within whole building dynamic simulation},
  author = {Heim D},
  year = {2005},
  booktitle = {Ninth International IBPSA Conference},
  pages = {1--7}
}


@inproceedings{COMSOL,
  title = {COMSOL  Multiphysics  validation  as simulation  software  for  heat  transfer  calculation  in buildings: Building  simulation  software  validation},
  author = {Gerlich VSulovská KZálešák M},
  year = {2013},
  booktitle = {Ó2013 Elsevier Ltd. },
  pages = {1}
}


@inproceedings{CFD,
  title = {CFD SIMULATION AND MEASUREMENT OF THE HEAT TRANSFER FROM BUILDING MATERIAL SPECIMENS TO THE INDOOR ENVIRONMENT},
  author = {Voelker CDiewald M},
  year = {2015},
  booktitle = {14th Conference of International Building Performance Simulation Association, Hyderabad, India, Dec. 7-9, 2015.},
  pages = {1---6}
}

@article{RevPCM,
  title={Review on building energy performance improvement using phase change materials},
  author={Song, Mengjie and Niu, Fuxin and Mao, Ning and Hu, Yanxin and Deng, Shiming},
  journal={Energy and Buildings},
  volume={158},
  pages={776--793},
  year={2018},
  publisher={Elsevier}
}

@article{EU50,
  title={Review of 50 years of EU energy efficiency policies for buildings},
  author={Economidou, Marina and Todeschi, Valeria and Bertoldi, Paolo and D'Agostino, Delia and Zangheri, Paolo and Castellazzi, Luca},
  journal={Energy and Buildings},
  volume={225},
  pages={110322},
  year={2020},
  publisher={Elsevier}
}